4263 5541
2103 523 2209 610 11

806 767 1159 855 summam
1208 800 1367 848 csse
1406 774 1593 847 illius
1640 771 1925 847 laudem
1967 788 2287 865 constat,
2330 775 2531 873 quod
2585 778 2761 847 istos
2799 782 3254 874 superaverit
3287 798 3503 880 atque

806 903 1086 1003 pulch1
1068 925 1178 971 ius
1224 864 1403 995 quid
1450 897 1698 971 eadem
1754 896 1850 966 de
1887 920 1967 965 re
2009 897 2085 965 in
2129 895 2449 968 medium
2483 896 2817 969 attulerit.
2837 905 2879 942 “

996 1025 1277 1094 Primus
1322 1017 1761 1091 Herodotus
1781 1021 2190 1089 universam
2226 1045 2345 1091 1e1
2350 1046 2469 1091 um
2514 1037 2878 1119 gestarum
2932 1022 3307 1097 historiam
3356 980 3498 1098 de-

794 1143 1254 1225 scribendam
1283 1144 1528 1212 animo
1563 1136 1979 1236 complexus
2029 1155 2160 1220 est,
2202 1164 2504 1237 remque
2538 1138 2839 1214 arduam
2884 1161 2954 1216 et
2988 1142 3357 1255 difficilem
3399 1151 3496 1222 ita

790 1265 1133 1366 perfecit,
1148 1278 1246 1345 ut
1268 1285 1592 1358 perenne
1639 1260 1753 1331 sui
1812 1262 2129 1333 nominis
2190 1276 2734 1332 monomentum
2798 1271 3134 1383 posteris
3165 1255 3495 1368 relique-

787 1392 902 1459 rit.
955 1392 1117 1458 Nec
1134 1410 1307 1457 vero
1371 1380 1787 1477 Thucydidi
1846 1386 2022 1453 vitio
2056 1378 2378 1452 dandum
2431 1405 2592 1453 esse
2623 1381 2974 1476 arbitror,
3027 1385 3495 1485 quodminus

784 1494 1179 1589 jucundam
1206 1509 1577 1576 materiam
1613 1502 1752 1574 sibi
1774 1499 2222 1573 mactandam
2242 1502 2557 1599 elegerit.
2615 1505 2755 1596 Qui
2776 1505 3000 1577 multo
3028 1530 3200 1580 sane
3218 1508 3492 1584 luben-
3587 1552 3594 1563 ·

764 1632 928 1701 ,tius
970 1625 1297 1698 flolentis
1340 1627 1649 1695 civitatis
1688 1647 1911 1712 suae,
1961 1649 2183 1719 quam
2234 1620 2579 1712 cadentiS,
2614 1637 2945 1720 tempora
2969 1625 3491 1726 descripsisset,

781 1753 1168 1847 priscaque
1196 1744 1312 1817 illa
1344 1760 1586 1841 mente
1626 1739 2030 1840 repetendo
2060 1768 2102 1813 a
2157 1757 2555 1839 conspectu
2593 1747 3086 1840 praesentium
3131 1748 3488 1824 malorum

780 1873 1104 1942 animum
1143 1871 1544 1939 avertisset.
1598 1861 1744 1936 Sed
1784 1860 1966 1935 vidit
2008 1860 2182 1963 ille„
2228 1865 2445 1937 etiam
2503 1887 2588 1934 ex
2633 1868 2783 1935 suis
2820 1869 3244 1943 tristissimis
3287 1889 3486 1946 tem-

779 1991 1089 2089 poribus
1134 2012 1473 2087 magnam
1534 1983 1910 2057 utilitatem
1968 1988 2164 2057 cives
2223 2009 2398 2058 suos
2464 2010 2863 2085 omnesque
2913 1984 3246 2064 homines
3295 2016 3484 2093 cap-

780 2127 1023 2201 turos,
1070 2114 1585 2203 neminemque
1639 2123 1933 2203 praeter
1977 2130 2058 2178 se
2095 2130 2297 2197 esse,
2345 2108 2474 2205 qui
2516 2131 2599 2178 ea
2648 2105 3064 2182 describere
3099 2127 3253 2184 tum
3290 2139 3482 2213 pos-
3601 2170 3610 2175 -

777 2246 923 2322 set,
958 2246 1113 2302 tum
1160 2226 1412 2316 vellet,
1460 2240 1807 2324 tantoque
1836 2226 2318 2325 amplioribus
2356 2226 2696 2298 laudibus
2744 2233 3306 2328 prosequendus
3349 2252 3478 2327 est,

774 2363 1053 2445 quanto
1098 2347 1527 2444 generosius
1561 2367 1690 2416 sua
1732 2345 1972 2415 studia
2016 2371 2244 2443 seque
2290 2350 2531 2444 ipsum
2570 2353 2850 2444 patriae
2900 2363 3116 2445 atque
3153 2355 3479 2428 universi

775 2469 1065 2565 generis
1114 2463 1412 2536 humani
1465 2462 1745 2534 utilitati
1786 2462 2173 2536 devovisse
2222 2466 2738 2535 existimandus
2783 2481 2909 2537 est.
3013 2471 3215 2562 Quae
3262 2477 3475 2548 etiam

776 2590 1008 2662 Taciti
1050 2609 1331 2659 summa
1374 2583 1550 2657 laus.
1652 2582 1733 2655 ld
1780 2584 2075 2682 quidem
2121 2574 2439 2677 certum,
2475 2589 2844 2684 poeticum
2869 2580 3080 2681 illud,
3132 2617 3279 2689 quo
3303 2597 3473 2668 -Hc-

773 2707 1077 2800 rodotus
1099 2705 1410 2796 excellit,
1443 2703 1645 2802 apud
1687 2703 2197 2800 Thucydidem
2235 2710 2473 2778 minus
2522 2710 2600 2778 in
2652 2715 3060 2809 argumenti
3122 2712 3472 2791 electione

773 2848 993 2931 atque
1018 2830 1536 2930 dispositione,
1572 2852 1794 2926 quam
1822 2830 1900 2896 in
1942 2826 2394 2923 singularum
2431 2817 2591 2926 ejus
2621 2836 2938 2928 partium
2981 2835 3470 2914 elaboratione

776 2956 999 3024 cerni.
1618 3029 1635 3048 ,

974 3070 1080 3141 cf.
1124 3072 1436 3138 Creuzer
1488 3065 1532 3130 l.
1576 3066 1615 3131 Ι.
1662 3088 1825 3157 pag
1858 3086 2310 3158 270—272.
2366 3070 2512 3156 283
2556 3092 2719 3168 sqq.
2764 3079 2929 3150 223.

964 3182 1310 3272 Niebuhr.
1366 3173 2403 3275 Rom.G‹}schichte.(Be1-ol.
2462 3188 2709 3287 1812.)
2761 3210 2932 3267 tom.
2964 3203 3052 3271 II.
3092 3227 3255 3303 pag.
3306 3232 3363 3281 1.

763 3314 1143 3394 Philistum
1182 3307 1582 3399 Dionysius
1624 3306 1699 3375 in
1740 3305 1975 3401 Epist.
2005 3302 2099 3374 ad
2144 3308 2273 3375 Cn.
2319 3310 2643 3405 Pompej·
2684 3336 2742 3381 c.
2783 3319 2848 3386 5.
2886 3341 2956 3414 p.
2991 3320 3152 3414 780.
3191 3349 3460 3423 repre..

682 3501 701 3514 i
766 3434 1055 3516 hendit‚
1099 3425 1299 3528 quod
1345 3430 1559 3498 etiam
1606 3427 1750 3500 hac
1799 3429 1873 3497 in
1922 3450 2005 3497 re
2052 3426 2566 3523 Thucydidem
2611 3435 2891 3527 potius,
2952 3463 3172 3535 quam
3213 3449 3461 3530 Hero..

768 3558 1057 3646 dotum,
1098 3564 1445 3648 sequutus
1490 3552 1602 3621 sit.

962 3711 1180 3776 „oure
1256 3677 1400 3786 *γὰρ
1461 3668 1783 3758 υπῖθεσιν
1843 3680 2090 3777 εἴληφε
2141 3680 2563 3778 πολυωφελῆ
2628 3679 2768 3775 (cf.
2838 3677 3034 3775 Sylb
3103 3681 3197 3754 ad
3269 3683 3461 3758 hanc

960 3826 1122 3878 voc.
1181 3817 1328 3874 not.
1389 3800 1508 3893 d)
1579 3803 1704 3878 nal
1756 3797 2007 3899 κοινὴν,
2072 3795 2286 3910 ὥςπερ
2350 3794 2782 3924 Θουκυδίδης,
2844 3797 3054 3886 ἀλλὰ
3111 3805 3282 3904 μίαν
3336 3809 3461 3886 καὶ

959 3915 1229 4014 ταύτην
1273 3915 1575 4013 τοπικῆν.
1600 3924 1648 3962 “

763 4052 1295 4147 Theopompus
1342 4043 1751 4118 secundum
1797 4047 2251 4142 Dionysium

960 4171 1194 4271 Epist.
1232 4167 1328 4244 ad
1356 4173 1489 4243 Cn.
1524 4168 1851 4269 Pompej.
1897 4194 1957 4246 c.
1997 4171 2066 4244 6.
2105 4190 2182 4268 p.
2223 4164 2367 4264 782
2378 4213 2420 4261 s
2455 4167 2622 4268 783.

2635 4409 2733 4480 αἵθ
