4263 5541
2128 518 2252 610 86

1045 781 1140 856 11.
1194 800 1254 850 c.
1284 774 1423 850 28.
1480 798 1555 876 p.
1602 794 1774 871 297.
1853 768 2190 845 laudatur
2254 767 2636 862 Romulus,
2707 766 2911 867 quod
2971 791 3148 843 suos
3210 764 3546 843 homines

842 901 1337 1003 ‚agriculturae
1409 896 1854 995 eosdemque
1898 891 2197 969 militiae
2244 894 2678 984 assueverit3
2743 895 3254 990 vituperantur
3305 893 3549 964 Lace-
3658 918 3676 929 ·

852 1023 1255 1113 daemonii,
1320 1022 1448 1121 qui
1498 1016 1653 1089 aliis
1703 1037 1921 1115 agros
1973 1010 2320 1086 colendos
2339 1062 2362 1103 ,
2427 1002 2581 1085 ‘aliis
2631 1011 2820 1087 bella
2863 1011 3182 1113 gerenda
3233 1011 3546 1087 manda-

851 1147 1114 1217 verint.

1049 1261 1136 1337 V.
1188 1281 1255 1339 c.
1317 1280 1427 1354 17.
1477 1261 1736 1330 Noster
1787 1256 2388 1332 consuetudinem
2405 1314 2425 1354 ,
2497 1285 2684 1360 quae
2731 1256 2930 1358 apud
2977 1258 3345 1331 Romanos
3398 1253 3556 1325 ob·-

849 1381 1104 1473 tinuit,
1156 1393 1487 1452 mortuos
1539 1380 1867 1450 oratione
1897 1377 2188 1454 funebri
2212 1378 2555 1455 laudandi
2591 1381 2947 1474 celebrat,
2999 1401 3303 1477 eamque
3349 1369 3550 1473 apud

851 1502 1174 1575 Graecos
1226 1526 1377 1575 non
1429 1522 1591 1573 esse
1635 1515 2005 1599 receptam
2057 1525 2276 1601 aegre
2323 1505 2485 1577 fert.

1247 1621 1353 1692 Cf.
1403 1620 1641 1692 Micali
1688 1637 1877 1717 part.
1926 1647 1988 1693 1.
2038 1648 2200 1718 cap.
2253 1627 2372 1700 23.
2420 1648 2502 1720 p.
2555 1606 2673 1720 96.
2724 1639 2874 1694 not.
2934 1646 2994 1692 1.

1042 1742 1194 1817 VII.
1244 1764 1306 1812 c.
1354 1741 1474 1814 66.
1521 1764 1596 1838 p.
1653 1741 1863 1836 1472.
1913 1736 2119 1849 idem-
2163 1743 2239 1812 in
2289 1739 2523 1814 diram
2576 1745 2892 1816 civilium
2940 1739 3299 1815 bellorum
3333 1744 3543 1815 insa-

844 1863 1075 1957 niam,
1170 1888 1358 1962 quae
1432 1865 1752 1937 Graecos
1815 1885 1857 1933 a
1920 1865 2429 1936 vetustissimis
2494 1863 2669 1937 inde
2731 1864 3186 1963 temporibus
3237 1867 3544 1953 vexavit,

843 1984 1245 2077 invehitur,
1297 1982 1519 2084 idque
1568 1989 1759 2056 inter
1809 1998 2092 2059 caetera
2144 1988 2428 2077 omnia,
2511 2010 2702 2084 quae
2755 1990 2831 2057 in
2869 1990 3367 2059 Romanorum
3416 2010 3553 2058 re-

842 2105 1138 2203 publica
1192 2102 1669 2178 admiratione
1719 2102 1942 2203 digna
1990 2108 2139 2183 sint
2157 2157 2180 2197 ‚
2254 2106 2582 2177 maximis
2644 2103 2982 2177 laudibus
3034 2103 3550 2177 celebrandum

837 2247 1000 2296 csse
1047 2223 1247 2316 dicit,
1299 2223 1502 2325 qnod
1554 2222 1650 2297 ad
1674 2224 2178 2299 Gracchorum
2224 2241 2535 2303 aetatem
2577 2249 2812 2324 usque
2862 2250 3236 2324 nunquam
3283 2224 3378 2300 ad
3429 2228 3552 2298 ci·-

840 2343 987 2421 vile
1044 2342 1319 2418 bellum
1371 2349 1747 2445 progressi
1797 2351 1964 2420 sint.
2325 2412 2334 2417 -

1095 2465 1200 2539 Cf.
1251 2469 1368 2541 VI.
1421 2491 1482 2538 c.
1534 2470 1773 2564 3o.=p.
1832 2488 2045 2541 1110.
2094 2494 2176 2540 v.
2235 2492 2368 2557 1ο,
2423 2494 2538 2541 11.
2592 2471 2741 2541 VII.
2795 2493 2858 2540 c.
2917 2472 3031 2546 18.
3082 2495 3143 2541 c.
3201 2473 3319 2545 26.
3374 2487 3546 2544 extr.

1234 2584 1583 2665 Niebuhr.
1630 2587 1713 2656 11.
1762 2587 1883 2674 44.
1934 2608 2101 2684 sqq.
2155 2584 2272 2658 52.
2326 2584 2693 2665 Wachsm.
2740 2613 2815 2686 p.
2868 2591 3036 2665 315.
3084 2615 3248 2689 sqq.

843 2716 1094 2812 Neque
1148 2724 1390 2784 tamen
1443 2707 1627 2786 haec
1679 2711 1756 2780 in
1808 2732 1968 2780 eam
2018 2721 2301 2804 partem
2352 2708 2589 2809 accipi
2617 2707 2869 2801 velim,
2919 2717 3126 2810 quasi
3150 2713 3546 2809 Dionysius

836 2837 961 2922 iis,
1010 2857 1196 2930 quae
1246 2828 1442 2926 apud
1496 2832 1819 2899 Graecos
1866 2828 2063 2897 bona
2108 2825 2542 2923 laudarique
2610 2829 2834 2926 digna
2886 2845 3161 2923 essent,
3222 2859 3548 2935 unquam

841 2955 1139 3025 meritas
1188 2945 1439 3022 laudes
1499 2944 1987 3046 denegaverit.
2082 2945 2384 3017 Minime
2435 2943 2574 3016 ille.
2677 2947 2820 3036 Qui
2870 2974 2929 3019 e.
2981 2976 3091 3045 gr.
3141 2957 3261 3026 IV.
3315 2980 3375 3025 c.
3430 2961 3546 3033 25.

842 3069 1396 3144 celeberrimum
1445 3066 1622 3140 illud
1668 3067 2290 3167 Amphictyonum
2339 3066 2750 3172 institutum
2797 3066 3259 3165 amplissimis
3299 3073 3543 3150 laudi-

840 3191 991 3264 bus
1031 3192 1520 3290 prosequitur.
1584 3191 1671 3282 Y.
1729 3213 1791 3263 c.
1842 3194 1961 3265 65.
2010 3215 2087 3290 p.
2146 3211 2357 3260 1000.
2429 3212 2514 3261 ex
2562 3190 2657 3318 Μ.
2710 3187 2976 3262 Valerii
3026 3216 3344 3291 persona
3391 3201 3542 3272 so..

838 3310 1030 3384 lonis
1085 3315 1513 3410 sapientiam
1567 3312 1792 3385 effert.

1041 3431 1158 3506 Ad
1206 3434 1607 3534 simplicem
1657 3437 2036 3528 utriusque
2086 3428 2341 3529 populi
2375 3432 2868 3504 institutorum
2899 3442 3537 3534 comparationem,

790 3573 803 3582 ”
839 3551 1111 3628 addita
1134 3577 1273 3628 nee
1318 3553 1569 3650 laude,
1619 3575 1758 3626 nec
1802 3553 2341 3651 vituperatione
2394 3550 2803 3628 alterutrius
2820 3609 2842 3648 ,
2893 3555 3088 3630 idem
3113 3562 3538 3658 saepissime

843 3674 1179 3751 deflectit.

1091 3799 1199 3873 Cf.
1247 3805 1301 3873 Ι.
1356 3823 1418 3878 c.
1481 3801 1590 3875 13.
1639 3800 1850 3898 p..36
1893 3811 2066 3872 extr.

1230 3926 1428 3998 ch.
1474 3921 1540 3994 8.
1589 3945 1665 4018 p.
1721 3924 2143 3998 2521111
2180 3935 2355 3992 extr.
2407 3943 2568 4022 sqq.
2639 3944 2867 3996 (122.
2918 3918 3189 4018 Ρ.2.8ο
3240 3873 3527 3992 ibiln-

1416 4058 1699 4143 terprr.
1753 4066 1823 4117 c.
1874 4045 1992 4119 25.
2043 4067 2117 4144 p.
2169 4043 2336 4120 288.
2391 4069 2450 4117 c.
2503 4045 2618 4135 54.
2668 4071 2741 4144 p.
2793 4045 2965 4130 350
3028 4040 3132 4117 ibi
3182 4037 3529 4140 Interprr.
