4263 5541
1058 665 1115 719 ,
1962 652 1973 661 -
2028 590 2142 688 93

741 856 994 954 nysius
1044 858 1316 927 Romae
1361 868 1592 924 artem
1644 836 2038 919 oratoriam
2085 839 2371 934 docuit,
2420 840 2735 940 ideoque
2782 845 3145 914 neminem
3180 844 3433 940 magiS,

742 1002 963 1078 quam
990 978 1253 1073 ipsum,
1301 977 1376 1045 in
1416 970 1724 1046 historia
1772 967 2185 1038 orationum
2224 948 2415 1036 bene
2474 963 3004 1036 elaboratarum
3046 980 3263 1063 atque
3303 962 3438 1035 fo·-

733 1086 928 1171 fensi
955 1098 1117 1168 usui
1153 1090 1783 1166 accomodatarum
1821 1089 2219 1185 specimina
2266 1110 2686 1185 proponere
2724 1085 2990 1157 decuit.

924 1221 1102 1315 Ipse·
1144 1218 1257 1293 VI.
1306 1241 1366 1294 c.
1406 1216 1520 1291 83.
1575 1238 1655 1286 se
1709 1234 1826 1284 eas
1881 1233 1981 1282 ex
2035 1206 2384 1316 ἀρχαίαις
2435 1207 2755 1315 ἱστορίαις
2806 1201 3246 1277 desumsisse
3298 1227 3431 1276 as·-

731 1355 1037 1416 severat.
2169 1374 2174 1377 ·

908 1455 1439 1538 -Cf.-Niebul1r.
1498 1459 1552 1529 Ι.
1604 1484 1673 1556 p.
1732 1459 1903 1543 413.
1953 1471 2109 1531 not.
2161 1454 2280 1528 68.
2333 1473 2503 1549 pag.
2556 1450 2724 1537 406.
2777 1445 3149 1535 440.452.
3202 1447 3431 1538 ΙΙ.41.

1452 1602 1614 1677 sqq.
1678 1577 1853 1665 126,
1916 1597 2079 1669 127.
2116 1566 2303 1668 ⁷395.
2359 1564 2508 1644 not.
2566 1572 2684 1656 43.

1126 1696 1627 1772 Wachsmuth.
1682 1719 1855 1796 pag.
1916 1696 2096 1790 249,
2155 1696 2319 1773 250.
2371 1695 2542 1767 321.

730 2069 921 2138 Eum
975 2089 1127 2136 non
1164 2060 1479 2138 verbum
1523 2066 1615 2136 de
1663 2065 1889 2137 verbo
1941 2064 2424 2163 expressisse,
2475 2067 2589 2138 vel
2635 2065 2807 2137 inde
2836 2079 3174 2163 apparet,
3229 2061 3429 2159 quod

740 2190 1027 2259 Graeco
1077 2210 1414 2258 sermone
1475 2202 1692 2284 atque
1741 2187 2038 2260 Graecis
2085 2187 2378 2282 scripsit
2422 2178 2739 2283 indeque
2813 2209 3109 2255 necesse
3155 2182 3432 2271 habuit,
3517 2220 3530 2229 -

732 2308 1185 2377 Graecorum
1231 2310 1476 2378 sensui
1526 2309 1891 2411 orationes
1941 2304 2442 2379 accomodare.
2562 2310 3011 2380 vetustiores
3063 2307 3430 2377 Romanos

734 2448 995 2524 aspera
1054 2442 1125 2498 et
1182 2430 1435 2524 jejuna
1482 2432 1813 2501 oratione
1867 2451 2043 2500 usos
2098 2451 2257 2499 esse
2307 2443 2620 2517 constat,
2669 2430 2767 2498 ita
2817 2441 2896 2495 ut
2953 2418 3433 2514 Quintilianus

738 2550 951 2620 etiam
1029 2547 1533 2619 Gracchorum
1588 2564 1663 2619 et
1735 2553 2032 2619 Catonis
2097 2548 2409 2618 lectione
2468 2548 2855 2618 durescere
2923 2566 3205 2643 *pueros
3244 2528 3435 2612 con-

730 2668 998 2742 tendat.
1446 2668 1459 2683 '

1142 2793 1253 2871 cf.
1308 2797 1396 2865 X.
1450 2821 1508 2869 c.
1566 2798 1683 2870 31.
1736 2821 1789 2890 p
1868 2815 2083 2883 2072.
2137 2818 2204 2862 v.
2262 2797 2327 2864 5.

738 2914 930 3008 Quid
990 2917 1262 3011 igitur?
1341 2919 1402 2984 si
1480 2912 1879 3001 Dionysius
1952 2911 2320 2977 orationes
2385 2908 2644 3003 primis
2723 2908 2998 2977 Romae
3068 2915 3457 3006 tempori...
3543 2907 3549 2914 ’

742 3034 886 3105 bus
971 3030 1257 3103 habitas
1350 3026 1445 3099 ad
1530 3028 1839 3100 verbum
1926 3029 2004 3097 in
2092 3025 2321 3098 libros
2403 3049 2576 3097 suos
2659 3025 3174 3119 transtulisset,
3268 3033 3470 3126 quis.

739 3155 938 3228 illam
992 3151 1515 3249 cogitationum
1590 3148 2161 3260 simplicitatem,
2242 3154 2405 3248 quis
2459 3149 2983 3234 austeritatem,
3051 3150 3253 3246 quis,
3305 3153 3436 3220 in..

739 3296 995 3370 quam,
1066 3268 1462 3358 verborum
1531 3272 1987 3368 jejunitatem
2071 3269 2396 3343 tulisset?
2472 3263 2733 3342 Gracci
2782 3265 3117 3340 homines
3169 3293 3288 3341 eas
3341 3292 3436 3342 ne

729 3392 1107 3491 perlegere
1153 3391 1449 3492 quidem
1488 3398 1917 3491 potuissent.

998 3512 1105 3585 Cf.
1155 3511 1500 3586 Niebuhr.
1556 3517 1606 3583 Ι.
1657 3516 1836 3602 422.

1140 3633 1641 3711 Wachsmuth.
1688 3660 1857 3734 pag.
1913 3638 2032 3724 46.

741 3767 833 3831 At
908 3757 1241 3848 annales,
1318 3781 1357 3826 e
1437 3751 1702 3853 quibus
1768 3761 2170 3854 Dionysius
2242 3759 2624 3832 historiam
2675 3783 2880 3833 suam
2957 3765 3436 3856 concinnavit,

741 3883 881 3979 ipsi
945 3903 1219 3976 magna
1255 3904 1339 3950 ex
1394 3896 1601 3977 parte
1647 3879 1742 3951 ab
1802 3880 2223 3954 hominibus
2268 3884 2709 3953 Graecarum
2772 3882 3141 3954 literarum
3194 3888 3438 3981 gnaris

751 4004 1134 4100 compositi
1191 4015 1436 4114 erant-3
1485 4001 1845 4096 Dionysio
1892 4002 2200 4075 fortasse
2263 3999 2448 4074 nihil
2501 4001 2858 4101 reliquum
2907 4021 3094 4094 erat,
3171 4007 3309 4075 nisi
3361 4022 3439 4076 ut

750 4127 1162 4213 orationes,
1216 4121 1464 4219 quales
1508 4125 1585 4193 in
1626 4122 1766 4195 illis
1820 4122 2275 4223 legerentur,
2344 4124 2492 4221 jam
2545 4121 2638 4195 ad
2688 4126 3126 4201 Graecarum
3182 4124 3436 4198 litera-

748 4268 907 4314 rum
962 4245 1390 4342 elegantiam
1441 4244 1947 4320 accomodatas
1997 4245 2206 4316 libris
2252 4246 2400 4316 suis
2450 4246 2819 4319 insereret.
