4263 5541
2044 557 2169 650 95

768 829 911 881 eae·
949 805 1188 882 omnis
1231 804 1627 905 sapientiae
1666 801 2051 904 ,civilisque
2088 787 2521 905 prudentiae
2567 774 2874 907 faenum,
2943 824 3170 909 utque
3199 806 3457 887 Noster

765 933 1071 1005 omnino
1115 925 1660 1027 philosophicas
1694 926 2249 1002 observationes
2283 932 2362 1002 in
2392 928 2772 1005 historiam
2807 935 3277 1031 interponere
3316 960 3455 1008 so-

760 1053 929 1127 litus
988 1066 1136 1143 est,
1197 1049 1317 1124 vel
1365 1049 1555 1124 hauc
1612 1054 2039 1151 praecipue
2012 1050 2146 1124 ob
2207 1075 2499 1126 causam
2561 1054 2931 1127 orationes
2991 1053 3325 1131 lubenter
3376 1060 3456 1129 in

757 1175 988 1250 libros
1041 1198 1216 1247 suos
1270 1171 1559 1245 videtur
1605 1177 1988 1273 recepisse.

954 1297 1019 1366 E
1058 1318 1141 1366 re
1185 1318 1346 1367 esse
1379 1292 1698 1387 videtur,
1749 1293 1841 1367 de
1887 1289 2255 1366 nonnullis
2307 1294 2646 1389 Dionysii
2677 1251 3133 1369 orationihus
3187 1298 3455 1397 singu-

759 1416 958 1490 latim
1012 1442 1339 1495 monere.

883 1521 893 1530 ⁸
950 1544 1272 1613 Primum
1308 1541 1502 1630 illae,
1556 1565 1737 1640 quas
1788 1556 1867 1612 ut
1909 1566 1950 1613 a
2009 1542 2237 1610 Bruto
2290 1559 2515 1634 super
2568 1537 2946 1612 Lucretiae
2992 1559 3261 1637 corpus
3303 1535 3451 1610 ha-

753 1664 943 1737 bitas
982 1666 1381 1759 Diouysius
1442 1678 1733 1736 enarrat
1755 1716 1775 1753 ,
1824 1662 2123 1732 minime
2171 1657 2266 1729 ad
2314 1673 2648 1729 nostrum
2711 1682 3007 1733 sensum
3068 1656 3445 1760 quadrant.

752 1788 897 1857 Nos
948 1786 1239 1857 Livium
1303 1784 1531 1857 multo
1600 1783 1895 1878 melius,
1933 1798 2004 1855 et
2048 1783 2299 1855 verius
2352 1802 2512 1851 rem
2558 1783 2812 1879 paucis
2862 1783 3268 1858 absolvisse
3313 1809 3445 1861 ar·-

738 1906 1115 1982 -bitramun
1732 1918 1741 1927 ’
1962 1951 1971 1961 ·

1143 2026 1249 2104 Cf.
1300 2027 1658 2115 Dirksen‚
1716 2029 1867 2101 Civ.
1922 2022 2182 2099 Abhdt.
2237 2037 2280 2100 t.
2336 2046 2394 2097 ι,
2446 2046 2517 2120 p.
2581 2044 2736 2100 ιοι.
3463 2103 3469 2109 ,

743 2156 872 2239 At,
923 2154 1002 2220 ni
1054 2148 1348 2248 egregie
1391 2147 1640 2239 fallor,
1695 2150 1946 2219 Livius
1990 2142 2407 2245 pulchrius,
2457 2145 2856 2239 Dionysius
2901 2149 3145 2217 verius
3202 2145 3296 2221 de
3357 2172 3446 2219 ea

749 2274 1137 2368 exposuitst

996 2388 1099 2466 cf.
1154 2384 1492 2466 Niebuhr.
1546 2401 1593 2465 1.
1650 2388 1814 2484 319.

1135 2507 2080 2605 Wachsmuth.pag.179,
2141 2510 2304 2588 180.-

1142 2628 1612 2706 Gottleber-l.
1664 2627 1708 2706 l.
1760 2650 1924 2726 pag
1980 2652 2143 2725 29¹·
2195 2653 2354 2727 sqq.

739 2758 901 2828 Fuit
944 2758 1414 2854 patriciorum
1470 2766 1872 2824 conventus
1892 2804 1912 2841 ,
1976 2753 2053 2823 in
2096 2777 2246 2849 quo
2305 2758 2607 2842 Brutus»,
2675 2767 2752 2824 ut
2802 2775 2894 2824 ne
2952 2751 3114 2851 quis
3159 2753 3240 2825 in
3280 2776 3434 2851 po·-
3513 2847 3522 2854 ἡ

740 2896 1009 2948 merum
1044 2882 1316 2949 Romae
1354 2889 1730 2967 reg-naret,
1783 2874 2109 2947 oratione
2140 2869 2386 2938 habita
2414 2873 2736 2963 patriciis
2759 2877 3155 2965 persuasit3
3193 2898 3433 2970 neque

740 2999 1147 3076 convenit:
1173 3006 1443 3062 tantam
1496 3012 1651 3059 rem
1701 2988 2159 3084 paucissimis
2216 2985 2461 3058 verbis
2513 2986 2918 3063 absolutam
2972 3016 3148 3068 esse.

938 3117 1173 3205 Quam
1219 3109 1512 3207 egregie
1561 3109 1960 3200 Dionysius
1999 3107 2075 3175 in
2119 3108 2460 3180 universa
2508 3106 2809 3183 historia
2864 3137 2993 3184 sua
3038 3111 3430 3186 omnibus-

739 3260 881 3335 que
928 3237 1000 3304 iu
1042 3226 1490 3304 orationibus
1537 3229 1602 3301 ei
1662 3229 1951 3299 insertis
2008 3226 2457 3325 singularum
2517 3228 2948 3305 familiarum
3002 3236 3429 3333 proprieta-

734 3373 883 3427 tem
923 3351 1360 3444 distinxerit,
1426 3352 1794 3421 neminem
1841 3347 2106 3447 fugiet,
2176 3354 2302 3447 qui
2358 3376 2416 3428 e.
2458 3376 2516 3430 c.
2558 3351 2653 3425 ad
2685 3356 3093 3453 Appiorum
3141 3368 3219 3442 ez
3268 3356 3429 3428 Va·-

735 3475 1079 3548 leriorum
1128 3481 1509 3552 orationes
1530 3471 1623 3546 ab
1666 3471 1791 3544 ino
1840 3469 2098 3544 relatas
2160 3477 2481 3546 animum
2542 3474 2764 3572 paulo
2819 3474 3232 3576 diligentius
3303 3490 3436 3551 at-

666 3665 671 3668 ,
739 3597 1066 3676 tenderit.
1116 3602 1363 3706 Neque
1404 3593 1923 3683 necessarium,
1972 3617 2213 3691 neque
2259 3592 2510 3665 nobis
2522 3602 2987 3694 prepositum
3039 3610 3185 3685 est,
3213 3594 3422 3668 altius

734 3717 926 3794 hanc
951 3725 1046 3814 jn
1099 3743 1256 3791 rem
1300 3715 1779 3795 descendere.-
2941 3741 3008 3780 υ

1137 3840 1241 3919 Cf.
1292 3840 1633 3918 Niebuhr.
1678 3855 1736 3920 1.
1784 3841 1953 3946 406.
2005 3852 2081 3917 11.
2133 3836 2476 3928 [ια-44.
2523 3907 2532 3916 ,

936 3968 1254 4064 Appium
1315 3963 1692 4039 Claudium
1746 3965 1824 4035 in
1886 3960 2142 4060 populi
2202 3957 2556 4058 judicium
2614 3980 2656 4028 a
2709 3953 3018 4028 tribunis
3081 3969 3413 4027 vocatum

740 4110 975 4186 neque
1028 4091 1488 4162 inimicorum
1519 4090 1767 4178 miniS,
1811 4109 2051 4185 neque
2097 4085 2498 4156 amicorum
2531 4075 2872 4177 p'reeibus
2917 4073 3222 4177 perpelli
3263 4100 3416 4174 po-
3473 4135 3482 4142 „
