4263 5541
2209 552 2329 648 14

1114 807 1446 898 Deinde.
1503 819 1583 877 ut
1644 820 1955 896 taceam,
2017 806 2372 903 incertum
2437 784 2640 897 esse,⁴
2691 824 2961 881 utrum
3017 796 3488 906 Thucydides
3532 813 3626 885 ad
3731 834 3737 841 ·

915 929 1359 1027 Thrasybuli
1410 927 1725 1000 reditum
1778 953 2010 1026 usque
2060 930 2144 998 in
2207 930 2392 999 vivis
2443 928 2696 1022 fuerit,
2782 958 2872 1004 an
2930 934 3136 1029 prius
3206 912 3629 1021 decesserit.

910 1057 986 1127 id
1035 1053 1273 1126 solum
1316 1050 1577 1141 voluit,
1626 1065 1708 1121 ut
1756 1048 1924 1121 belli
1966 1049 2561 1147 Peloponnesiaci
2602 1049 3172 1150 descriptionem
3211 1056 3619 1124 accuratis-

910 1179 1167 1249 simam
1219 1196 1304 1245 ac
1344 1197 1479 1270 per
1526 1187 1774 1270 partes
1826 1169 2249 1268 explicatam
2307 1177 2621 1267 posteris
2659 1172 3146 1272 relinqueret3
3205 1197 3342 1243 nec
3394 1177 3614 1271 igitur

903 1321 1204 1371 necesse
1245 1294 1537 1381 habuit,
1578 1293 1671 1364 de
1722 1291 2095 1391 prioribus
2142 1290 2258 1363 vel
2293 1291 2824 1389 posterioribus
2863 1291 3319 1391 temporibus
3367 1292 3614 1366 disse-

901 1444 1083 1491 rere.
1170 1420 1576 1509 Quominus
1630 1440 1807 1493 vero
1876 1414 2472 1513 Peloponnesiaci
2539 1392 2712 1488 belli
2773 1415 3151 1488 historiam
3215 1414 3310 1487 ad
3390 1414 3610 1489 finem

897 1538 1351 1640 perduxerit,
1409 1563 1683 1633 praem·
1664 1554 1823 1606 itui
1827 1559 1943 1604 am
1988 1536 2220 1643 ipsius
2265 1554 2572 1608 mortem
2610 1541 2685 1609 in
2721 1562 2934 1611 causa
2979 1536 3203 1608 fuisse
3242 1540 3608 1621 existimo;

896 1660 1085 1734 adeo
1119 1681 1257 1728 nec
1297 1673 1557 1728 octavo
1591 1654 1939 1725 historiae
1966 1676 2139 1724 suae
2167 1651 2362 1723 libro
2373 1677 2808 1751 supremam
2853 1680 3143 1726 manum
3169 1658 3611 1801 imposuisse
3702 1673 3707 1679 '

894 1779 1204 1858 videtur.

1297 1898 1406 1975 Cf.
1452 1895 1611 1969 Jud.
1656 1894 1749 1967 de
1792 1894 2022 1967 Thuc.
2063 1894 2230 1968 hist.
2287 1921 2347 1967 c.
2400 1899 2511 1969 16.

890 2029 974 2098 In
1017 2023 1383 2121 principio
1431 2020 1676 2118 operis
1730 2015 2001 2088 diserte
2044 2032 2455 2108 asseverat,
2521 2040 2601 2088 se
2652 2040 2789 2113 per
2844 2022 3270 2093 uuiversum
3331 2023 3601 2098 bellum

885 2170 1006 2218 res
1052 2143 1357 2215 maxime
1400 2136 1911 2211 memoran'das
1956 2141 2030 2208 in
2082 2163 2172 2211 eo
2222 2153 2466 2237 gestas
2514 2139 2586 2207 in
2629 2146 3189 2213 commentarios
3246 2169 3419 2218 suos
3465 2150 3601 2219 re).

886 2264 1177 2353 tulisse3
1223 2275 1723 2356 quantumque
1787 2261 2007 2357 igitur
2050 2262 2128 2330 in
2169 2263 2337 2359 ipso
2372 2259 2551 2350 fuit,
2607 2250 2970 2361 promissa
3017 2268 3395 2360 praestitit.

1284 2379 1388 2448 Cf.
1442 2382 1651 2452 Voss.
1693 2385 1845 2451 Art.
1894 2378 2057 2452 hist·
2120 2405 2282 2476 cap.
2336 2403 2464 2451 11:

879 2492 1450 2601 Xenophontem
1513 2497 1917 2589 Dionysius

1274 2624 1408 2720 Ep.
1465 2616 1561 2691 ad
1598 2621 1729 2696 Cn.
1772 2616 2102 2715 Pompej.
2156 2641 2218 2688 c.
2267 2617 2339 2704 4.
2389 2643 2463 2715 p.
2511 2617 2675 2712 778.

879 2746 1275 2838 collaudat,
1336 2738 1540 2843 quod
1583 2741 1782 2838 juxta
1823 2736 2180 2811 Herodoti
2224 2736 2630 2837 exemplum
2666 2738 2898 2812 libros
2947 2762 3121 2813 suos
3178 2741 3377 2839 justo
3434 2746 3588 2817 ini:-

872 2876 977 2946 tio
1022 2855 1097 2943 et
1150 2867 1301 2940 fine
1367 2858 2026 2960 comprehenderit.
2088 2863 2368 2930 Tamen
2435 2876 2683 2933 teneas
2763 2862 3017 2956 velim,
3083 2868 3588 2964 Cyropnediac

871 2995 1156 3066 initium
1201 3011 1341 3060 nec
1382 2987 1627 3057 minus
1680 2980 1905 3053 finem
1948 2982 2058 3051 rei
2097 2982 2328 3077 ipsius
2377 2981 2686 3074 ratione,
2714 2987 3248 3084 praescriptum
3317 2988 3581 3080 fuisse;

867 3115 1290 3190 Anabaseos
1332 3109 1557 3182 finem
1615 3132 1660 3182 a
1708 3102 1954 3177 multis
1992 3117 2072 3172 ut
2113 3124 2375 3198 parum
2440 3117 2610 3198 apte
2653 3104 3089 3174 institutum
3147 3108 3581 3202 vituperari3

1267 3231 1375 3304 Cf.
1420 3226 1828 3302 Creuzerl.
1871 3225 1915 3297 1.
1955 3246 2125 3322 pag.
2172 3244 2318 3314 297
2355 3244 2650 3316 ——299.

860 3355 1231 3431 Hellenica
1297 3351 1616 3449 denique
1687 3344 2056 3448 proficisci
2124 3367 2168 3414 a
2249 3342 2666 3412 tristissimo
2722 3339 2895 3430 belli
2971 3340 3569 3440 Peloponnesiaci

859 3496 1226 3575 tempore,
1292 3473 1490 3544 finiri
1532 3462 2086 3566 Epaminondae
2128 3478 2402 3550 morte,
2469 3477 2644 3558 post
2694 3487 2951 3561 quam,
3002 3481 3082 3536 ut
3130 3468 3359 3563 ipsius
3405 3469 3566 3537 Xe-

856 3597 1262 3699 nophontis
1328 3591 1576 3666 verbis
1617 3604 1824 3680 utar,
1889 3580 2172 3692 ἀκςὶσίω
2231 3574 2307 3662 δὲ
2348 3583 2472 3663 καὶ
2497 3615 2809 3694 ragam
2835 3589 2942 3669 ἔτι
2986 3593 3238 3669 πλείων
3276 3594 3564 3684 ἐγέιετο,

858 3756 898 3808 η
948 3712 1270 3826 προςθεν,
1324 3725 1393 3794 ἐν
1437 3716 1527 3807 τί
1550 3700 1915 3794 mida..
