4263 5541
2069 496 2185 586 85

776 743 1230 819 demonstrat
1256 798 1278 836 ,
1329 756 1553 845 quam
1602 743 1729 817 illa
1770 738 2219 819 Graecorum
2267 743 2616 820 instituta.
2674 739 2787 819 cf.
2841 740 3190 819 Niebuhr.
3221 759 3280 826 Ι.
3310 745 3480 840 390.

985 871 1072 939 11.
1120 890 1180 938 c.
1239 871 1350 944 16.
1398 854 1769 943 Romanos
1824 864 2217 962 collaudat,
2267 865 2470 964 quod
2519 866 2858 955 minime,
2920 881 3002 936 ut
3059 867 3354 955 Graeci,
3403 867 3484 937 iu
3551 911 3558 915 -

775 986 1081 1060 urbibus
1131 986 1325 1063 bello
1381 978 1611 1090 ca‘ptis
1662 987 1982 1089 puberes
2034 1012 2291 1061 omnes
2331 987 2792 1075 ‚trucidarent
2857 985 2976 1059 vel
3025 989 3105 1058 in
3154 990 3482 1061 servitu-

769 1124 916 1182 tem
963 1108 1397 1209 redigerent.
1436 1097 1452 1131 ‘
1748 1183 1759 1193 ,

964 1234 1049 1303 II.
1118 1257 1181 1304 c.
1217 1238 1328 1326 15,
1376 1256 1488 1331 ¹7·
1538 1233 1625 1306 id
1672 1235 2071 1333 praecipue
2117 1231 2469 1307 Romanis
2504 1228 2599 1303 nd
2629 1224 3060 1327 augendum.
3093 1228 3486 1325 imperium

759 1350 1499 1456 amplificandumque
1544 1356 1760 1429 Urbis
1809 1352 2298 1456 splendorem
2327 1351 2692 1453 profuisse
2733 1348 2940 1441 dicit,
2991 1345 3197 1448 quod
3222 1369 3475 1419 omnes

762 1472 1101 1545 homines
1153 1480 1269 1569 (εἰ
1314 1468 1503 1574 μένον
1553 1470 1679 1555 εἶεν
1727 1468 2151 1585 ἐλεῦθεςοι),
2218 1478 2346 1575 qui
2416 1472 2838 1549 commodas
2887 1471 3099 1545 sedes
3152 1494 3471 1569 quaere-

757 1608 956 1686 rent,
1006 1591 1345 1665 lubenter
1393 1599 1471 1666 in
1523 1599 1887 1670 civitatem
1938 1600 2389 1693 receperintr,
2439 1592 3096 1683 Lacedaemonios,
3159 1590 3470 1665 Theba·—

761 1737 939 1804 nos,
988 1712 1471 1823 Athenienses
1521 1715 1992 1790 vehementer
2042 1713 2552 1814 reprehendit,
2603 1712 2805 1812 quod
2855 1716 3298 1785 contrarium
3346 1711 3471 1783 fe-
3519 1786 3542 1807 ι

757 1839 1009 1908 cer-int.

958 1965 1041 2035 Π.
1096 1986 1156 2034 c.
1215 1962 1332 2034 18.
1386 1983 1549 2056 sqq.
1614 1962 1945 2056 exponit,
2014 1957 2391 2057 quomodo
2440 1957 2791 2032 Romulus
2843 1960 3296 2035 Graecorum
3341 1953 3463 2027 fa·-

750 2082 961 2156 bulas
1016 2104 1248 2181 aeque
1301 2078 1627 2168 inutiles,
1680 2101 1769 2149 ae
1815 2077 2157 2153 scelestas
2210 2096 2643 2181 turpesque,
2693 2098 2774 2153 ut
2823 2083 3152 2153 Deorum
3203 2091 3460 2148 natura

747 2204 1123 2301 indignas,
1204 2203 1576 2299 rejecerit,
1659 2214 1876 2298 atque
1926 2203 2003 2270 in
2056 2217 2495 2300 perpetuum
2549 2204 2903 2291 sanxerit,
2977 2214 3058 2273 ut
3123 2200 3206 2269 in
3270 2194 3459 2267 urbe

747 2328 983 2401 Roma
1030 2323 1372 2422 religiose
1423 2336 1775 2420 cauteque
1828 2338 2261 2399 curarentur
2298 2336 2418 2395 res
2451 2321 2759 2395 divinae.

980 2446 1106 2518 -cfi
1158 2446 1394 2517 Mieali
1443 2456 1631 2542 part.
1687 2468 1745 2514 1.
1801 2468 1959 2539 cap.
2012 2468 2128 2519 22.
2183 2470 2351 2541 pag.
2402 2450 2519 2540 49.
2570 2459 2719 2518 not.
2781 2469 2861 2523 1.

1134 2569 1488 2653 Creuzer,
1541 2562 1927 2658 symbolik
1977 2559 2134 2634 und
2182 2562 2655 2665 Mythologie.
2716 2564 2880 2654 (ed.
2935 2560 3073 2658 ΙΙ.)
3143 2577 3323 2634 tom.
3377 2579 3447 2632 2.

1466 2709 1539 2784 Ρ·
1593 2707 1761 2782 992·
1802 2709 1965 2784 sqq·

904 2815 1020 2884 -11.
1072 2834 1131 2882 c.
1185 2831 1308 2881 21.
1392 2811 1795 2900 Dionysius
1852 2812 1929 2874 in
1998 2825 2308 2900 turpem-
2345 2812 2845 2893 (Graecorum
2894 2805 3212 2900 nempe)
3255 2823 3451 2876 con..

743 2931 1200 3002 suetudinem
1248 2925 1616 2998 invehitur
1668 2934 1867 2991 sorte
1914 2921 2746 3014 sacerdotiafdividendi
2806 2923 2917 2997 vel
2953 2921 3207 3002 eadem
3253 2920 3448 2991 sub-

742 3044 1126 3127 hastaudi;
1207 3043 1302 3116 ab
1368 3063 1600 3139 eaque
1659 3045 2066 3117 Romanam
2133 3046 2499 3119 civitatem
2559 3070 2853 3146 semper
2936 3042 3446 3119 alienissimam
3533 3076 3540 3084 ·

742 3168 981 3240 fuisses
1018 3162 1356 3248 ostendit.

1147 3286 1252 3360 Cf.
1308 3282 1874 3362 Creuzer..ibid.
1924 3304 2075 3361 not.
2129 3311 2303 3364 221.
2343 3329 2356 3340 x

939 3414 1024 3484 11.
1071 3434 1132 3483 c.
1184 3415 1318 3503 24,
1372 3416 1488 3489 25.
1541 3423 1817 3509 quanto
1865 3409 2069 3510 leges
2123 3414 2481 3514 nuptiales
2529 3418 3027 3490 Romanorum
3077 3416 3198 3507 iis,
3250 3436 3440 3513 quae

740 3530 939 3633 apud
985 3534 1308 3614 Graecos
1358 3531 1613 3606 eadem
1666 3531 1760 3603 de
1808 3557 1891 3604 re
1921 3538 2527 3635 constituta—sint,
2578 3552 2983 3636 praestent,
3032 3541 3205 3611 satis
3244 3561 3440 3635 pro-

738 3654 1075 3728 babiliter
1126 3654 1596 3770 demonstrat.

808 3807 811 3816 ·
939 3781 1023 3850 11.
1093 3801 1152 3848 c.
1220 3778 1354 3867 26,
1411 3798 1526 3872 27.
1588 3774 1788 3873 leges
1849 3799 1893 3847 a
1945 3778 2361 3874 praecipuis
2407 3779 2854 3853 Graecorum
2903 3776 3437 3877 legislatoribus

736 3895 831 3972 de
882 3897 1281 3972 liberorum
1334 3908 1509 3995 erga
1562 3911 1896 3996 parentes
1946 3903 2358 3971 reverentia
2407 3916 2480 3971 et
2529 3898 2886 3998 obsequio
2930 3900 3109 3974 latas
3158 3923 3433 3974 recen-

736 4035 879 4112 set,
930 4020 1301 4119 multoque
1352 4018 1688 4093 meliores
1741 4041 1899 4090 esse
1946 4022 2444 4094 Romanorum
2493 4025 2632 4093 hac
2682 4021 2777 4094 de
2826 4047 2909 4095 re
2957 4021 3155 4121 leges
3202 4022 3424 4128 lucu-

736 4138 968 4213 lenter
1021 4146 1333 4242 exponit.
2267 4161 2276 4167 '
