4263 5541
1923 432 2125 660 ³73

714 659 1212 841 defendendae
1282 744 1819 909 rmpublicam
1882 741 2155 842 injuste
2217 756 2643 842 oppressam
2710 762 2906 815 esse
2933 749 3110 817 satis
3157 763 3408 845 aperte

1070 898 1099 948 e

716 888 1199 1102 indicxjpios
1251 944 1659 1088 Dionysius
1693 986 2174 1061 vehementer
2217 981 2738 1081 reprehendit,
2786 983 2996 1083 quod
3056 990 3242 1061 truci
3280 995 3409 1065 in..

719 1128 939 1230 genio
987 1124 1373 1216 nimiaque
1410 1108 1759 1211 superbia
1804 1106 2039 1208 plebis
2090 1107 2266 1242 jura
2309 1103 2762 1177 calcaverint.
2857 1119 2872 1129 '

918 1238 1369 1317 Niebuhrius
1408 1250 1461 1316 Ι,
1515 1233 1684 1307 326
1735 1232 2087 1302 Nostrum
2126 1228 2216 1295 in
2256 1249 2345 1297 eo
2398 1223 2670 1323 aliquid
2720 1225 3077 1322 principis
3137 1227 3422 1302 volun..

723 1367 851 1440 tati
905 1361 1194 1437 dedisse
1245 1357 1656 1445 existimat,
1706 1326 1916 1449 quod-
1956 1350 2310 1437 Brutum,
2362 1350 2498 1444 qui
2535 1360 2705 1443 post
2752 1369 3075 1443 pugnam
3124 1334 3414 1447 Philip...

719 1508 1035 1587 pensem
1053 1468 1437 1554 Romanae
1473 1473 1801 1545 libertati
1840 1489 2336 1566 supervivere
2363 1462 2624 1555 noluit,
2680 1490 2730 1539 a
2775 1489 3043 1564 regum
3086 1484 3419 1541 exactore

718 1605 843 1677 illo
908 1621 1154 1701 genus
1203 1597 1504 1679 duxisse
1550 1592 1947 1689 negaverit,
2005 1591 2107 1658 At
2149 1579 2559 1690 Dionysius
2600 1587 2684 1657 V.
2741 1609 2800 1657 e
2862 1587 2971 1659 18.
3024 1612 3229 1659 suam
3269 1588 3433 1661 hac

721 1724 813 1798 de
889 1746 989 1795 re
1037 1718 1471 1817 opinionem
1540 1703 2087 1782 sufficientibus
2147 1706 2608 1800 argumentis.
2664 1700 3153 1798 confirmavit,
3219 1705 3428 1806 quod
3511 1766 3520 1773 .

720 1854 991 1944 nempe
1039 1840 1218 1915 alter
1272 1863 1326 1910 e
1366 1835 1625 1909 Brutis
1663 1828 2025 1927 patricius
2061 1822 2285 1896 fuerit
2334 1822 2503 1916 (IV.
2559 1846 2618 1901 c.
2625 1847 2788 1918 71.
2839 1850 2915 1922 p.
2970 1829 3138 1903 811,
3190 1850 3250 1905 c
3303 1831 3421 1906 81

721 1968 1011 2067 p.830.
1034 1965 1111 2056 ),
1147 1957 1364 2049 alter,
1400 1956 1528 2053 qui
1559 1949 1659 2023 ad
1689 1946 2075 2044 Philippos
2095 1941 2387 2033 cecidit,
2439 1941 2823 2040 plebejus;
2862 1943 3147 2036 deinde,
3199 1946 3423 2045 quod,

729 2084 1031 2159 testibus
1085 2076 1537 2177 gravissimis
1583 2091 1841 2139 rerum
1878 2068 2379 2136 Romanarum
2420 2062 2826 2155 autoribus,
2898 2071 3235 2163 superior
3308 2067 3427 2142 ille
3473 2130 3486 2141 .

726 2201 1001 2276 nullam
1068 2221 1152 2268 ex
1234 2217 1330 2266 se
1387 2187 1687 2289 prolem
1734 2184 2131 2283 reliquerit.
2233 2181 2597 2281 Equidem
2673 2186 2917 2280 potius
2999 2188 3429 2259 Ciceronem

728 2327 1009 2418 (Bruta
1035 2342 1098 2411 c.
1158 2315 1357 2406 14),
1410 2333 1588 2381 cum·
1644 2315 1989 2395 Brutum,
2041 2305 2414 2383 Romanae
2462 2299 2812 2373 libertatis
2865 2318 3233 2405 aussprem,
3285 2310 3429 2377 ,Ια-

727 2438 1021 2516 nicrum
1071 2437 1491 2534 principem
1528 2427 1783 2498 fecerit
1810 2478 1833 2514 ,
1877 2425 2024 2495 hoc
2072 2423 2152 2492 in
2205 2424 2344 2493 viri
2397 2434 2595 2494 tanto
2648 2421 3046 2493 nobilitatis
3081 2446 3255 2495 suae
3283 2449 3436 2496 au-

733 2581 896 2635 tore
951 2557 1357 2658 dignissimi
1408 2549 1731 2648 gratiam
1767 2542 2030 2614 dixisse
2079 2555 2283 2636 puto.
2336 2544 2537 2633 Quae
2589 2543 2808 2611 etiam
2857 2540 3198 2616 Glareani
3247 2565 3436 2617 sen-

732 2684 980 2757 tentia.
2221 2756 2224 2759 Ι

872 2867 879 2872 .
984 2798 1108 2872 cf..
1146 2792 1504 2895 Schlegel'.
1556 2790 1606 2863 l'.
1659 2788 1707 2865 l.
1736 2793 1931 2888 pag.
1984 2786 2170 2879 39⁰²·

661 2999 665 3004 ,
802 2908 852 2930 ”
1136 2912 1644 2989 Wachsmuth.
1670 2927 1872 2998 ..pag
1935 2904 2115 2973 180..

735 3036 1151 3132 Dionysius
1171 3049 1544 3146 nunquam
1579 3022 2021 3118 Pompejum
2056 3014 2180 3088 vel
2229 3015 2631 3089 Caesarem
2656 3014 2772 3090 vel
2821 3020 3136 3093 Brutum-
3169 3047 3458 3099 recen-

738 3162 999 3232 tiorem
1057 3149 1275 3223 illum
1331 3137 1626 3217 nomine
1684 3156 1957 3232 vocat,
1987 3136 2118 3210 sed
2174 3160 2464 3234 semper
2510 3135 3150 3215 circumlocutione
3203 3144 3454 3246 aliqua

745 3304 888 3353 eos
918 3275 1305 3371 designaty
1343 3282 1435 3339 ut
1467 3265 1754 3340 scilicet
1788 3279 1905 3336 ne
1943 3258 2119 3333 illos:
2158 3255 2448 3331 adulari
2481 3255 2850 3352 videatur,
2898 3282 3139 3358 neque
3172 3287 3459 3360 quem...

744 3420 983 3497 quam.
1022 3388 1392 3466 offendat.-

1146 3508 1268 3587 cf,
1305 3505 1616 3588 Casaub.
1673 3523 1754 3582 et
1793 3505 2039 3582 Huds..
2080 3504 2406 3579 ad'VIII.
2482 3525 2543 3574 c.
2592 3518 2709 3597 87.
2769 3526 2843 3602 p.-
2901 3504 3128 3598 1736.
3171 3518 3323 3582 not.
3376 3527 3451 3600 y.

1269 3632 1448 3738 VIII.
1501 3655 1563 3704 c.
1602 3644 1729 3720 fio,

747 3741 944 3827 Haec
982 3755 1188 3825 satis
1232 3774 1401 3823 esse
1454 3747 1787 3821 videntur
1842 3746 1946 3822 ad
1970 3743 2510 3819 ·illustrandam
2564 3745 2916 3841 Dionysii
2967 3744 3470 3842 integritatem

752 3881 1258 3974 sinceramque
1302 3874 1499 3969 ejus
1518 3873 1879 3968 omnique·
1907 3867 2004 3941 ab
2037 3866 2466 3941 adulatione
2459 3890 2810 3938 aversam·
2833 3881 3174 3939 mentem.
3241 3866 3468 3935 Jam-

755 4021 933 4098 que,
991 4012 1083 4071 ut
1139 4001 1227 4070 in
1251 3992 1539 4094 judicio
1563 3991 1657 4064 de.
1690 3993 1851 4144 ejus
1896 3991 2246 4066 historiis
2271 3985 2593 4061 ferendo
2615 3985 2933 4061 eandem
2961 3988 3151 4061 viam
3176 4008 3473 4085 sequa-

2634 4376 2741 4449 ιφ
